<?xml version="1.0" encoding="UTF-8"?><collection xmlns="http://www.loc.gov/MARC21/slim"><record><leader>00591nam--2200181-i-4500</leader><controlfield tag="001">000038031</controlfield><controlfield tag="002">20161230</controlfield><controlfield tag="005">20161230201041</controlfield><controlfield tag="008">060222s1000------------r-----000-0-fre-d</controlfield><datafield ind1=" " ind2=" " tag="040"><subfield code="a">IFIN-HH</subfield></datafield><datafield ind1=" " ind2=" " tag="041"><subfield code="a">fre</subfield></datafield><datafield ind1=" " ind2=" " tag="080"><subfield code="a">538.9:530.145.6(043)</subfield></datafield><datafield ind1="1" ind2=" " tag="100"><subfield code="a">Raymond, Andre</subfield></datafield><datafield ind1="1" ind2="0" tag="245"><subfield code="a">Phenomenes de transport en regime quantique et ultraquantique dans les semiconducteurs en presence de fluctuations de potentiel (desordre a moyenne distance)</subfield><subfield code="b">These</subfield><subfield code="c">Andre raymond</subfield></datafield><datafield ind1=" " ind2=" " tag="260"><subfield code="a">Montpellier</subfield><subfield code="b">Universite</subfield><subfield code="c">1977</subfield></datafield><datafield ind1=" " ind2=" " tag="300"><subfield code="a">249P</subfield></datafield><datafield ind1=" " ind2=" " tag="852"><subfield code="a">44851</subfield><subfield code="c">539.2</subfield></datafield><datafield ind1=" " ind2=" " tag="CAT"><subfield code="a">Sys</subfield><subfield code="c">20121025</subfield><subfield code="h">155037</subfield></datafield></record></collection>